<record><leader>00000cas a2200000 a 4500</leader><controlfield tag="001">12760026</controlfield><controlfield tag="008">851105d18771878ksuwr ne      0    0eng d</controlfield><datafield ind1=" " ind2=" " tag="010"><subfield code="a">sn 85032615 </subfield></datafield><datafield ind1=" " ind2=" " tag="040"><subfield code="a">KSH</subfield><subfield code="b">eng</subfield><subfield code="c">KSH</subfield><subfield code="d">NPT</subfield><subfield code="d">OCL</subfield><subfield code="d">OCLCQ</subfield></datafield><datafield ind1=" " ind2=" " tag="042"><subfield code="a">msc</subfield></datafield><datafield ind1="0" ind2=" " tag="130"><subfield code="a">Blade (Alma, Kan.)</subfield></datafield><datafield ind1="1" ind2="4" tag="245"><subfield code="a">The blade.</subfield></datafield><datafield ind1=" " ind2=" " tag="260"><subfield code="a">Alma, Kan. :</subfield><subfield code="b">R. Cunningham &amp; Co.,</subfield><subfield code="c">1877-</subfield></datafield><datafield ind1=" " ind2=" " tag="300"><subfield code="a">v. ;</subfield><subfield code="c">61 cm.</subfield></datafield><datafield ind1=" " ind2=" " tag="310"><subfield code="a">Weekly</subfield></datafield><datafield ind1="0" ind2=" " tag="362"><subfield code="a">Vol. 4, no. 44 (Mar. 14, 1877)-v. 5, no. 41 (Feb. 20, 1878).</subfield></datafield><datafield ind1=" " ind2=" " tag="500"><subfield code="a">Published by Blade Co., Jan. 20-Feb. 20, 1878.</subfield></datafield><datafield ind1=" " ind2=" " tag="752"><subfield code="a">United States</subfield><subfield code="b">Kansas</subfield><subfield code="c">Wabaunsee</subfield><subfield code="d">Alma.</subfield></datafield><datafield ind1="0" ind2="0" tag="780"><subfield code="t">Wamego blade</subfield><subfield code="w">(DLC)sn 85031733</subfield></datafield><datafield ind1="1" ind2=" " tag="029"><subfield code="a">AU@</subfield><subfield code="b">000022166502</subfield></datafield></record>